<?xml version="1.0" encoding="UTF-8"?><collection xmlns="http://www.loc.gov/MARC21/slim"><record><leader>00349nam--2200133-i-4500</leader><controlfield tag="001">000048813</controlfield><controlfield tag="002">20161230</controlfield><controlfield tag="005">20161230201047</controlfield><controlfield tag="008">060222s1000------------r-----000-0-eng-d</controlfield><datafield ind1=" " ind2=" " tag="080"><subfield code="a">614.876(061.3)</subfield></datafield><datafield ind1=" " ind2=" " tag="245"><subfield code="a">Radiation protection monitoring</subfield></datafield><datafield ind1=" " ind2=" " tag="260"><subfield code="a">Vienna, International Atomic Energy Agency, 1969, 556p</subfield></datafield><datafield ind1=" " ind2=" " tag="490"><subfield code="a">Proc.Series</subfield></datafield><datafield ind1=" " ind2=" " tag="852"><subfield code="a">30654</subfield></datafield></record></collection>